
@ARTICLE{Balogh,
       author = {{Balogh}, Michael L. and {Morris}, Simon L. and {Yee}, H.~K.~C. and {Carlberg}, R.~G. and {Ellingson}, Erica},
        title = "{Differential Galaxy Evolution in Cluster and Field Galaxies at z\raisebox{-0.5ex}\textasciitilde0.3}",
      journal = {\apj},
     keywords = {GALAXIES: CLUSTERS: GENERAL, GALAXIES: EVOLUTION, GALAXIES: PHOTOMETRY, GALAXIES: STELLAR CONTENT, Galaxies: Clusters: General, Galaxies: Evolution, Galaxies: Photometry, Galaxies: Stellar Content, Astrophysics},
         year = 1999,
        month = dec,
       volume = {527},
       number = {1},
        pages = {54-79},
          doi = {10.1086/308056},
archivePrefix = {arXiv},
       eprint = {astro-ph/9906470},
 primaryClass = {astro-ph},
       adsurl = {https://ui.adsabs.harvard.edu/abs/1999ApJ...527...54B},
      adsnote = {Provided by the SAO/NASA Astrophysics Data System}
}

@ARTICLE{Dressler,
       author = {{Dressler}, A. and {Smail}, I. and {Poggianti}, B.~M. and {Butcher}, H. and {Couch}, W.~J. and {Ellis}, R.~S. and {Oemler}, A. Jr},
        title = "{VizieR Online Data Catalog: Spectroscopic catalog of 10 rich galaxy clusters (Dressler+ 1999)}",
      journal = {VizieR Online Data Catalog},
     keywords = {Clusters: galaxy, Galaxies: photometry, Redshifts},
         year = 1999,
        month = sep,
          eid = {J/ApJS/122/51},
        pages = {J/ApJS/122/51},
          doi = {10.26093/cds/vizier.21220051},
       adsurl = {https://ui.adsabs.harvard.edu/abs/1999yCat..21220051D},
      adsnote = {Provided by the SAO/NASA Astrophysics Data System}
}


@ARTICLE{poggianti99,
       author = {{Poggianti}, Bianca M. and {Smail}, Ian and {Dressler}, Alan and {Couch}, Warrick J. and {Barger}, Amy J. and {Butcher}, Harvey and {Ellis}, Richard S. and {Oemler}, Augustus, Jr.},
        title = "{The Star Formation Histories of Galaxies in Distant Clusters}",
      journal = {\apj},
     keywords = {GALAXIES: CLUSTERS: GENERAL, GALAXIES: EVOLUTION, GALAXIES: FUNDAMENTAL PARAMETERS, GALAXIES: STELLAR CONTENT, Galaxies: Clusters: General, Galaxies: Evolution, Galaxies: Fundamental Parameters, Galaxies: Stellar Content, Astrophysics},
         year = 1999,
        month = jun,
       volume = {518},
       number = {2},
        pages = {576-593},
          doi = {10.1086/307322},
archivePrefix = {arXiv},
       eprint = {astro-ph/9901264},
 primaryClass = {astro-ph},
       adsurl = {https://ui.adsabs.harvard.edu/abs/1999ApJ...518..576P},
      adsnote = {Provided by the SAO/NASA Astrophysics Data System}
}

@ARTICLE{Kauffmann,
       author = {{Kauffmann}, Guinevere and {Heckman}, Timothy M. and {White}, Simon D.~M. and {Charlot}, St{\'e}phane and {Tremonti}, Christy and {Brinchmann}, Jarle and {Bruzual}, Gustavo and {Peng}, Eric W. and {Seibert}, Mark and {Bernardi}, Mariangela and {Blanton}, Michael and {Brinkmann}, Jon and {Castander}, Francisco and {Cs{\'a}bai}, Istvan and {Fukugita}, Masataka and {Ivezic}, Zeljko and {Munn}, Jeffrey A. and {Nichol}, Robert C. and {Padmanabhan}, Nikhil and {Thakar}, Aniruddha R. and {Weinberg}, David H. and {York}, Donald},
        title = "{Stellar masses and star formation histories for {}10$^{5}$ galaxies from the Sloan Digital Sky Survey}",
      journal = {\mnras},
     keywords = {galaxies: evolution, galaxies: formation, galaxies: stellar content, Astrophysics},
         year = 2003,
        month = may,
       volume = {341},
       number = {1},
        pages = {33-53},
          doi = {10.1046/j.1365-8711.2003.06291.x},
archivePrefix = {arXiv},
       eprint = {astro-ph/0204055},
 primaryClass = {astro-ph},
       adsurl = {https://ui.adsabs.harvard.edu/abs/2003MNRAS.341...33K},
      adsnote = {Provided by the SAO/NASA Astrophysics Data System}
}
